@comment{{This file has been generated by bib2bib 1.98}}

@comment{{Command line: /usr/bin/bib2bib -c '$key="Kupsc05" or $key="biblatex-control" or $key="miller_p-halpern_a93" or $key="avgustinova_t-oliva_k95" or $key="Bonami08f" or $key="Tseng02" or $key="zwicky_a87" or $key="kupsc_a00" or $key="crysmann_b03book" or $key="Miller97" or $key="avgustinova_t97" or $key="kupsc_a99" or $key="Bonami14c" or $key="crysmann_b09degruyter" or $key="Walther12" or $key="Miller92" or $key="Zwicky83" or $key="Sag:Godard:93" or $key="monachesi_p99book" or $key="Penn:99" or $key="borsley_r99" or 1=2' ./main-blx.bib ./bc-clitics.bib ./gp-clitics.bib /home/crysmann/texmf/bibtex/bib/i-lin.bib /home/crysmann/texmf/bibtex/bib/bc.bib /home/crysmann/texmf/bibtex/bib/bonami.bib /home/crysmann/texmf/bibtex/bib/all.bib /home/crysmann/texmf/bibtex/bib/hpsg.bib}}

@comment{{$ biblatex control file $}}

@comment{{$ biblatex version 2.9 $}}

@control{biblatex-control,
  options = {2.9:0:0:1:1:1:1:0:0:1:0:2:2:1:77:+:nyt}
}

@incollection{Penn:99,
  author = {Gerald Penn},
  title = {Linearization and \emph{WH}-Extraction: Evidence
                  from {Serbo-Croatian}},
  booktitle = {Slavic in Head-Driven Phrase Structure Grammar},
  editor = {Robert D. Borsley and Adam Przepi{\'o}rkowski},
  series = {Studies in Constraint-Based Lexicalism},
  address = {Stanford},
  publisher = {CSLI Publications},
  chapter = 6,
  pages = {149--182},
  year = 1999
}

@techreport{avgustinova_t-oliva_k95,
  author = {Tania Avgustinova and Karel Oliva},
  title = {The Position of Sentential Clitics in the {Czech}
                  Clause},
  institution = {Computerlinguistik, Universität des Saarlandes},
  year = 1995,
  type = {CLAUS Report},
  number = 68
}

@phdthesis{avgustinova_t97,
  author = {Tania Avgustinova},
  title = {Word Order and Clitics in Bulgarian},
  school = {Universität des Saarlandes, Saarbrücken},
  year = 1997
}

@incollection{borsley_r99,
  author = {Robert D. Borsley},
  title = {Weak Auxiliaries, Complex Verbs and Inflected
                  Complementizers in {Polish}},
  booktitle = {Slavic in Head-Driven Phrase Structure Grammar},
  editor = {Robert D. Borsley and Adam Przepi{\'o}rkowski},
  series = {Studies in Constraint-Based Lexicalism},
  address = {Stanford},
  publisher = {CSLI Publications},
  chapter = 2,
  pages = {29--59},
  year = 1999
}

@phdthesis{kupsc_a00,
  author = {Anna Kup\'{s}\'{c}},
  title = {An {HPSG} Grammar of {Polish} Clitics},
  school = {Polish Academy of Sciences and Université Paris 7},
  year = 2000
}

@incollection{kupsc_a99,
  author = {Anna Kup\'s\'c},
  title = {Haplology of the {Polish} Reflexive Marker},
  booktitle = {Slavic in Head-Driven Phrase Structure Grammar},
  editor = {Robert D. Borsley and Adam Przepi{\'o}rkowski},
  series = {Studies in Constraint-Based Lexicalism},
  address = {Stanford},
  publisher = {CSLI Publications},
  chapter = 4,
  pages = {91--124},
  year = 1999
}

@inproceedings{miller_p-halpern_a93,
  author = {Philip Miller and Aaron Halpern},
  title = {English Possessives and the Syntax of Morphological
                  Features},
  booktitle = {FLSM III: Papers from the Third Annual Meeting of
                  the Formal Linguistics Society of Mid-America
                  (1992), Northwestern University},
  year = 1993,
  publisher = {IULC Publications}
}

@book{monachesi_p99book,
  author = {Paola Monachesi},
  title = {A Lexical Approach to {Italian} Cliticization},
  publisher = {CSLI Publications},
  year = 1999
}

@article{zwicky_a87,
  author = {Arnold Zwicky},
  title = {Suppressing the {Z}s},
  journal = {Journal of Linguistics},
  year = 1987,
  volume = 23,
  pages = {133--148}
}

@incollection{crysmann_b09degruyter,
  author = {Berthold Crysmann},
  title = {A coanalysis approach to {Polish} past tense
agreement},
  booktitle = {Syntax and Morphology Multi-dimensional},
  publisher = {Mouton de Gruyter},
  year = {2010},
  pages = {77--100},
  editor = {Andreas Nolda and Oliver Teuber},
  series = {Interface Explorations},
  address = {Berlin}
}

@book{crysmann_b03book,
  author = {Berthold Crysmann},
  title = {Constraint-based Coanalysis. {Portuguese} Cliticisation and Morphology--Syntax Interaction in {HPSG}},
  publisher = {Computational Linguistics, Saarland University and DFKI LT Lab},
  year = 2003,
  number = 15,
  series = {Saarbrücken Dissertations in Computational Linguistics and Language Technology},
  address = {Saarbrücken}
}

@inproceedings{Bonami14c,
  address = {Stanford},
  author = {Bonami, Olivier and Boy{\'e}, Gilles and Tseng, Jesse},
  booktitle = {Proceedings of the 9th Conference on Formal Grammar},
  date-added = {2014-03-01 15:38:19 +0000},
  date-modified = {2015-03-17 19:20:39 +0000},
  editor = {Paola Monachesi and Gerhard J{\"a}ger and Gerald Penn and Shuly Wintner},
  ids = {BoBoTse14},
  keywords = {self,nocite},
  pages = {29--45},
  publisher = {CSLI Publications},
  title = {An integrated analysis of {F}rench liaison},
  year = {2014}
}

@conference{Bonami08f,
  address = {Vienna},
  aeres = {C-COM},
  author = {Bonami, Olivier and Samvelian, Pollet},
  axe = {Mot},
  booktitle = {{13th International Morphology Meeting}},
  date-added = {2011-12-18 22:25:35 +0100},
  date-modified = {2014-08-29 14:15:14 +0000},
  keywords = {self},
  month = {February},
  title = {{Sorani} {Kurdish} person markers and the typology of agreement},
  year = {2008}
}

@inproceedings{Walther12,
  author = {Walther, G{\'e}raldine},
  booktitle = {Proceedings of MMM8},
  date-added = {2014-02-15 13:35:33 +0000},
  date-modified = {2014-02-15 13:35:33 +0000},
  pages = {299-321},
  title = {Fitting into morphological structure : accounting for {Sorani Kurdish} endoclitics},
  year = {2012}
}

@inproceedings{Kupsc05,
  address = {Stanford},
  author = {Anna Kup{\'s}{\'c} and Jesse Tseng},
  doi = {10.21248/hpsg.2005.14},
  booktitle = {Proceedings of {HPSG} 2005},
  note = {\url{http://cslipublications.stanford.edu/HPSG/6/}.},
  pages = {253--273},
  publisher = {CSLI Publications},
  title = {A New HPSG Approach to Polish Auxiliary Constructions},
  year = 2005
}

@book{Miller92,
  address = {New York},
  author = {Miller, Philip},
  date-modified = {2005-03-22 12:20:27 +0100},
  publisher = {Garland},
  title = {Clitics and constituents in Phrase Structure Grammar},
  year = {1992}
}

@article{Miller97,
  address = {Dordrecht},
  author = {Miller, Philip and Sag, Ivan A.},
  date-modified = {2005-03-22 12:20:51 +0100},
  journal = {Natural Language and Linguistic Theory},
  pages = {573--639},
  publisher = {Kluwer Academic Press},
  title = {French clitic movement without clitics or movement},
  volume = {15},
  year = {1997}
}

@inproceedings{Tseng02,
  address = {Stanford},
  author = {Tseng, Jesse},
  booktitle = {The Proceedings of the 8th International Conference on Head-Driven Phrase Structure Grammar},
  date-modified = {2009-03-15 16:55:10 +0100},
  editor = {Van Eynde, Frank and Lars Hellan and Dorothee Beermann},
  ob = {preprint:web},
  pages = {267--283},
  publisher = {CSLI Publications},
  title = {Remarks on Marking},
  year = {2002}
}

@article{Zwicky83,
  author = {Zwicky, Arnold M. and Pullum, Geoffrey K.},
  date-modified = {2013-10-29 16:05:11 +0000},
  journal = {Language},
  pages = {502--513},
  title = {Cliticization vs. inflection: Englisn \emph{n't}},
  volume = {59},
  year = {1983}
}

@comment{{BibDesk URL Groups
<?xml version="1.0" encoding="UTF-8"?>
<!DOCTYPE plist PUBLIC "-//Apple//DTD PLIST 1.0//EN" "http://www.apple.com/DTDs/PropertyList-1.0.dtd">
<plist version="1.0">
<array>
	<dict>
		<key>URL</key>
		<string>file://localhost/Users/olivier/Fichiers/Recherche/Publis/2010/Budapest/a0poster/poster-budapest.tex</string>
		<key>group name</key>
		<string>poster-budapest.tex</string>
	</dict>
</array>
</plist>
}}

@inproceedings{Sag:Godard:93,
  author = {Ivan A. Sag and Dani{\`e}le Godard},
  title = {Extraction of {\it De}-Phrases from the {French} {NP}},
  year = {1993},
  booktitle = {Proceedings of the North East Linguistic Society
                24},
  publisher = {GLSA},
  editor = { },
  pages = { },
  address = {Department of Linguistics, University of
                Massachusetts}
}

