@InProceedings{BonamiDelais06,
  author =	 {Olivier Bonami and Elisabeth {Delais-Roussarie}},
  title =	 {Metrical phonology in {HPSG}},
  crossref =	 {Mueller2006a-ed},
  pages =	 {39--59}
}

@inCollection{BBT04,
  author =	 {Olivier Bonami and Gilles Boy{\'{e}} and Jesse Tseng},
  title =	 {An integrated approach to {French} liaison},
  pages =	 {29--45},
  crossref = {FG2004},
}

@InProceedings{Skwarski09,
  crossref =	 {Mueller2009a-ed},
  author =	 {Filip Skwarski},
  doi = {10.21248/hpsg.2009.16},
  title =	 {Accounting for Underlying Forms in {HPSG} Phonology},
  pages =	 {318--337},
}

@incollection{TsengLiaison,
  author =	 {Jesse Tseng},
  title =	 {Edge Features and {French} Liaison},
  crossref =	 {KW2003a-ed},
  pages =	 {313--333},
}

@InProceedings{TsengHPSG08,
  author =	 {Jesse Tseng},
  title =	 {The representation of syllable structure in {HPSG}},
  crossref =	 {Mueller2008a-ed},
  pages = 	 {234--252},
}
