@incollection{chapters/properties,author={Anne Abeillé  and  Robert D. Borsley},title={{Basic properties and elements}},booktitle={{Head-Driven Phrase Structure Grammar{: The handbook}}},editor={Stefan Müller and  Anne Abeillé and  Robert D. Borsley  and  Jean-​Pierre Koenig},publisher={Language Science Press},Address={Berlin},series={Empirically Oriented Theoretical Morphology and Syntax},year={2021},pages={3--45},doi={10.5281/zenodo.5599818},keywords={withinvolume}}

@incollection{chapters/evolution,author={Dan Flickinger and  Carl Pollard  and  Thomas Wasow},title={{The evolution of HPSG}},booktitle={{Head-Driven Phrase Structure Grammar{: The handbook}}},editor={Stefan Müller and  Anne Abeillé and  Robert D. Borsley  and  Jean-​Pierre Koenig},publisher={Language Science Press},Address={Berlin},series={Empirically Oriented Theoretical Morphology and Syntax},year={2021},pages={47--87},doi={10.5281/zenodo.5599820},keywords={withinvolume}}

@incollection{chapters/formal-background,author={Frank Richter},title={{Formal background}},booktitle={{Head-Driven Phrase Structure Grammar{: The handbook}}},editor={Stefan Müller and  Anne Abeillé and  Robert D. Borsley  and  Jean-​Pierre Koenig},publisher={Language Science Press},Address={Berlin},series={Empirically Oriented Theoretical Morphology and Syntax},year={2021},pages={89--124},doi={10.5281/zenodo.5599822},keywords={withinvolume}}

@incollection{chapters/lexicon,author={Anthony R. Davis  and  Jean-Pierre Koenig},title={{The nature and role of the lexicon in HPSG}},booktitle={{Head-Driven Phrase Structure Grammar{: The handbook}}},editor={Stefan Müller and  Anne Abeillé and  Robert D. Borsley  and  Jean-​Pierre Koenig},publisher={Language Science Press},Address={Berlin},series={Empirically Oriented Theoretical Morphology and Syntax},year={2021},pages={125--176},doi={10.5281/zenodo.5599824},keywords={withinvolume}}

@incollection{chapters/understudied-languages,author={Douglas L. Ball},title={{HPSG in understudied languages}},booktitle={{Head-Driven Phrase Structure Grammar{: The handbook}}},editor={Stefan Müller and  Anne Abeillé and  Robert D. Borsley  and  Jean-​Pierre Koenig},publisher={Language Science Press},Address={Berlin},series={Empirically Oriented Theoretical Morphology and Syntax},year={2021},pages={177--216},doi={10.5281/zenodo.5599826},keywords={withinvolume}}

@incollection{chapters/agreement,author={Stephen Wechsler},title={{Agreement}},booktitle={{Head-Driven Phrase Structure Grammar{: The handbook}}},editor={Stefan Müller and  Anne Abeillé and  Robert D. Borsley  and  Jean-​Pierre Koenig},publisher={Language Science Press},Address={Berlin},series={Empirically Oriented Theoretical Morphology and Syntax},year={2021},pages={219--244},doi={10.5281/zenodo.5599828},keywords={withinvolume}}

@incollection{chapters/case,author={Adam Przepiórkowski},title={{Case}},booktitle={{Head-Driven Phrase Structure Grammar{: The handbook}}},editor={Stefan Müller and  Anne Abeillé and  Robert D. Borsley  and  Jean-​Pierre Koenig},publisher={Language Science Press},Address={Berlin},series={Empirically Oriented Theoretical Morphology and Syntax},year={2021},pages={245--274},doi={10.5281/zenodo.5599830},keywords={withinvolume}}

@incollection{chapters/np,author={Frank {Van Eynde}},title={{Nominal structures}},booktitle={{Head-Driven Phrase Structure Grammar{: The handbook}}},editor={Stefan Müller and  Anne Abeillé and  Robert D. Borsley  and  Jean-​Pierre Koenig},publisher={Language Science Press},Address={Berlin},series={Empirically Oriented Theoretical Morphology and Syntax},year={2021},pages={275--313},doi={10.5281/zenodo.5599832},keywords={withinvolume}}

@incollection{chapters/arg-st,author={Anthony R. Davis and  Jean-Pierre Koenig  and  Stephen Wechsler},title={{Argument structure and linking}},booktitle={{Head-Driven Phrase Structure Grammar{: The handbook}}},editor={Stefan Müller and  Anne Abeillé and  Robert D. Borsley  and  Jean-​Pierre Koenig},publisher={Language Science Press},Address={Berlin},series={Empirically Oriented Theoretical Morphology and Syntax},year={2021},pages={315--367},doi={10.5281/zenodo.5599834},keywords={withinvolume}}

@incollection{chapters/order,author={Stefan Müller},title={{Constituent order}},booktitle={{Head-Driven Phrase Structure Grammar{: The handbook}}},editor={Stefan Müller and  Anne Abeillé and  Robert D. Borsley  and  Jean-​Pierre Koenig},publisher={Language Science Press},Address={Berlin},series={Empirically Oriented Theoretical Morphology and Syntax},year={2021},pages={369--417},doi={10.5281/zenodo.5599836},keywords={withinvolume}}

@incollection{chapters/complex-predicates,author={Danièle Godard  and  Pollet Samvelian},title={{Complex predicates}},booktitle={{Head-Driven Phrase Structure Grammar{: The handbook}}},editor={Stefan Müller and  Anne Abeillé and  Robert D. Borsley  and  Jean-​Pierre Koenig},publisher={Language Science Press},Address={Berlin},series={Empirically Oriented Theoretical Morphology and Syntax},year={2021},pages={419--488},doi={10.5281/zenodo.5599838},keywords={withinvolume}}

@incollection{chapters/control-raising,author={Anne Abeillé},title={{Control and Raising}},booktitle={{Head-Driven Phrase Structure Grammar{: The handbook}}},editor={Stefan Müller and  Anne Abeillé and  Robert D. Borsley  and  Jean-​Pierre Koenig},publisher={Language Science Press},Address={Berlin},series={Empirically Oriented Theoretical Morphology and Syntax},year={2021},pages={489--535},doi={10.5281/zenodo.5599840},keywords={withinvolume}}

@incollection{chapters/udc,author={Robert D. Borsley  and  Berthold Crysmann},title={{Unbounded dependencies}},booktitle={{Head-Driven Phrase Structure Grammar{: The handbook}}},editor={Stefan Müller and  Anne Abeillé and  Robert D. Borsley  and  Jean-​Pierre Koenig},publisher={Language Science Press},Address={Berlin},series={Empirically Oriented Theoretical Morphology and Syntax},year={2021},pages={537--594},doi={10.5281/zenodo.5599842},keywords={withinvolume}}

@incollection{chapters/relative-clauses,author={Doug Arnold  and  Danièle Godard},title={{Relative clauses in HPSG}},booktitle={{Head-Driven Phrase Structure Grammar{: The handbook}}},editor={Stefan Müller and  Anne Abeillé and  Robert D. Borsley  and  Jean-​Pierre Koenig},publisher={Language Science Press},Address={Berlin},series={Empirically Oriented Theoretical Morphology and Syntax},year={2021},pages={595--663},doi={10.5281/zenodo.5599844},keywords={withinvolume}}

@incollection{chapters/islands,author={Rui P. Chaves},title={{Island phenomena and related matters}},booktitle={{Head-Driven Phrase Structure Grammar{: The handbook}}},editor={Stefan Müller and  Anne Abeillé and  Robert D. Borsley  and  Jean-​Pierre Koenig},publisher={Language Science Press},Address={Berlin},series={Empirically Oriented Theoretical Morphology and Syntax},year={2021},pages={665--723},doi={10.5281/zenodo.5599846},keywords={withinvolume}}

@incollection{chapters/coordination,author={Anne Abeillé  and  Rui P. Chaves},title={{Coordination}},booktitle={{Head-Driven Phrase Structure Grammar{: The handbook}}},editor={Stefan Müller and  Anne Abeillé and  Robert D. Borsley  and  Jean-​Pierre Koenig},publisher={Language Science Press},Address={Berlin},series={Empirically Oriented Theoretical Morphology and Syntax},year={2021},pages={725--776},doi={10.5281/zenodo.5599848},keywords={withinvolume}}

@incollection{chapters/idioms,author={Manfred Sailer},title={{Idioms}},booktitle={{Head-Driven Phrase Structure Grammar{: The handbook}}},editor={Stefan Müller and  Anne Abeillé and  Robert D. Borsley  and  Jean-​Pierre Koenig},publisher={Language Science Press},Address={Berlin},series={Empirically Oriented Theoretical Morphology and Syntax},year={2021},pages={777--809},doi={10.5281/zenodo.5599850},keywords={withinvolume}}

@incollection{chapters/negation,author={Jong-Bok Kim},title={{Negation}},booktitle={{Head-Driven Phrase Structure Grammar{: The handbook}}},editor={Stefan Müller and  Anne Abeillé and  Robert D. Borsley  and  Jean-​Pierre Koenig},publisher={Language Science Press},Address={Berlin},series={Empirically Oriented Theoretical Morphology and Syntax},year={2021},pages={811--845},doi={10.5281/zenodo.5599852},keywords={withinvolume}}

@incollection{chapters/ellipsis,author={Joanna Nykiel  and  Jong-Bok Kim},title={{Ellipsis}},booktitle={{Head-Driven Phrase Structure Grammar{: The handbook}}},editor={Stefan Müller and  Anne Abeillé and  Robert D. Borsley  and  Jean-​Pierre Koenig},publisher={Language Science Press},Address={Berlin},series={Empirically Oriented Theoretical Morphology and Syntax},year={2021},pages={847--888},doi={10.5281/zenodo.5599856},keywords={withinvolume}}

@incollection{chapters/binding,author={Stefan Müller},title={{Anaphoric binding}},booktitle={{Head-Driven Phrase Structure Grammar{: The handbook}}},editor={Stefan Müller and  Anne Abeillé and  Robert D. Borsley  and  Jean-​Pierre Koenig},publisher={Language Science Press},Address={Berlin},series={Empirically Oriented Theoretical Morphology and Syntax},year={2021},pages={889--944},doi={10.5281/zenodo.5599858},keywords={withinvolume}}

@incollection{chapters/morphology,author={Berthold Crysmann},title={{Morphology}},booktitle={{Head-Driven Phrase Structure Grammar{: The handbook}}},editor={Stefan Müller and  Anne Abeillé and  Robert D. Borsley  and  Jean-​Pierre Koenig},publisher={Language Science Press},Address={Berlin},series={Empirically Oriented Theoretical Morphology and Syntax},year={2021},pages={947--999},doi={10.5281/zenodo.5599860},keywords={withinvolume}}

@incollection{chapters/semantics,author={Jean-Pierre Koenig  and  Frank Richter},title={{Semantics}},booktitle={{Head-Driven Phrase Structure Grammar{: The handbook}}},editor={Stefan Müller and  Anne Abeillé and  Robert D. Borsley  and  Jean-​Pierre Koenig},publisher={Language Science Press},Address={Berlin},series={Empirically Oriented Theoretical Morphology and Syntax},year={2021},pages={1001--1042},doi={10.5281/zenodo.5599862},keywords={withinvolume}}

@incollection{chapters/information-structure,author={Kordula {De Kuthy}},title={{Information structure}},booktitle={{Head-Driven Phrase Structure Grammar{: The handbook}}},editor={Stefan Müller and  Anne Abeillé and  Robert D. Borsley  and  Jean-​Pierre Koenig},publisher={Language Science Press},Address={Berlin},series={Empirically Oriented Theoretical Morphology and Syntax},year={2021},pages={1043--1078},doi={10.5281/zenodo.5599864},keywords={withinvolume}}

@incollection{chapters/processing,author={Thomas Wasow},title={{Processing}},booktitle={{Head-Driven Phrase Structure Grammar{: The handbook}}},editor={Stefan Müller and  Anne Abeillé and  Robert D. Borsley  and  Jean-​Pierre Koenig},publisher={Language Science Press},Address={Berlin},series={Empirically Oriented Theoretical Morphology and Syntax},year={2021},pages={1081--1104},doi={10.5281/zenodo.5599866},keywords={withinvolume}}

@incollection{chapters/cl,author={Emily M.\ Bender and  Guy Emerson},title={{Computational linguistics and grammar engineering}},booktitle={{Head-Driven Phrase Structure Grammar{: The handbook}}},editor={Stefan Müller and  Anne Abeillé and  Robert D. Borsley  and  Jean-​Pierre Koenig},publisher={Language Science Press},Address={Berlin},series={Empirically Oriented Theoretical Morphology and Syntax},year={2021},pages={1105--1153},doi={10.5281/zenodo.5599868},keywords={withinvolume}}

@incollection{chapters/pragmatics,author={Andy Lücking and  Jonathan Ginzburg  and  Robin Cooper},title={{Grammar in dialogue}},booktitle={{Head-Driven Phrase Structure Grammar{: The handbook}}},editor={Stefan Müller and  Anne Abeillé and  Robert D. Borsley  and  Jean-​Pierre Koenig},publisher={Language Science Press},Address={Berlin},series={Empirically Oriented Theoretical Morphology and Syntax},year={2021},pages={1155--1199},doi={10.5281/zenodo.5599870},keywords={withinvolume}}

@incollection{chapters/gesture,author={Andy Lücking},title={{Gesture}},booktitle={{Head-Driven Phrase Structure Grammar{: The handbook}}},editor={Stefan Müller and  Anne Abeillé and  Robert D. Borsley  and  Jean-​Pierre Koenig},publisher={Language Science Press},Address={Berlin},series={Empirically Oriented Theoretical Morphology and Syntax},year={2021},pages={1201--1250},doi={10.5281/zenodo.5599872},keywords={withinvolume}}

@incollection{chapters/minimalism,author={Robert D.\ Borsley  and  Stefan Müller},title={{HPSG and Minimalism}},booktitle={{Head-Driven Phrase Structure Grammar{: The handbook}}},editor={Stefan Müller and  Anne Abeillé and  Robert D. Borsley  and  Jean-​Pierre Koenig},publisher={Language Science Press},Address={Berlin},series={Empirically Oriented Theoretical Morphology and Syntax},year={2021},pages={1253--1329},doi={10.5281/zenodo.5599874},keywords={withinvolume}}

@incollection{chapters/cg,author={Yusuke Kubota},title={{HPSG and Categorial Grammar}},booktitle={{Head-Driven Phrase Structure Grammar{: The handbook}}},editor={Stefan Müller and  Anne Abeillé and  Robert D. Borsley  and  Jean-​Pierre Koenig},publisher={Language Science Press},Address={Berlin},series={Empirically Oriented Theoretical Morphology and Syntax},year={2021},pages={1331--1394},doi={10.5281/zenodo.5599876},keywords={withinvolume}}

@incollection{chapters/lfg,author={Stephen Wechsler and  Ash Asudeh},title={{HPSG and Lexical Functional Grammar}},booktitle={{Head-Driven Phrase Structure Grammar{: The handbook}}},editor={Stefan Müller and  Anne Abeillé and  Robert D. Borsley  and  Jean-​Pierre Koenig},publisher={Language Science Press},Address={Berlin},series={Empirically Oriented Theoretical Morphology and Syntax},year={2021},pages={1395--1446},doi={10.5281/zenodo.5599878},keywords={withinvolume}}

@incollection{chapters/dg,author={Richard Hudson},title={{HPSG and Dependency Grammar}},booktitle={{Head-Driven Phrase Structure Grammar{: The handbook}}},editor={Stefan Müller and  Anne Abeillé and  Robert D. Borsley  and  Jean-​Pierre Koenig},publisher={Language Science Press},Address={Berlin},series={Empirically Oriented Theoretical Morphology and Syntax},year={2021},pages={1447--1495},doi={10.5281/zenodo.5599880},keywords={withinvolume}}

@incollection{chapters/cxg,author={Stefan Müller},title={{HPSG and Construction Grammar}},booktitle={{Head-Driven Phrase Structure Grammar{: The handbook}}},editor={Stefan Müller and  Anne Abeillé and  Robert D. Borsley  and  Jean-​Pierre Koenig},publisher={Language Science Press},Address={Berlin},series={Empirically Oriented Theoretical Morphology and Syntax},year={2021},pages={1497--1553},doi={10.5281/zenodo.5599882},keywords={withinvolume}}
