

@incollection{AB2024a,
	author = {Anne Abeillé and Robert D. Borsley},
	checked = {stmue 2024},
	crossref = {HPSGHandbook-2},
	date-added = {2024-10-22 09:50:42 +0200},
	date-modified = {2024-11-07 17:26:14 +0100},
	doi = {10.5281/zenodo.13644935},
	ids = {Abeille:Borsley2024a},
	pages = {3--45},
	title = {Basic Properties and Elements},
	bdsk-url-1 = {https://doi.org/10.5281/zenodo.13644935}}

@incollection{Abeille2024a,
	author = {Anne Abeillé},
	checked = {stmue 2024},
	crossref = {HPSGHandbook-2},
	date-added = {2024-10-22 09:50:42 +0200},
	date-modified = {2024-11-07 17:52:43 +0100},
	doi = {10.5281/zenodo.13645042},
	pages = {519--570},
	title = {Control and Raising},
	bdsk-url-1 = {https://doi.org/10.5281/zenodo.13645042}}

@incollection{AC2024a,
	author = {Anne Abeillé and Rui P. Chaves},
	checked = {stmue 2024},
	crossref = {HPSGHandbook-2},
	date-added = {2024-10-22 09:50:42 +0200},
	date-modified = {2024-11-07 17:57:57 +0100},
	doi = {10.5281/zenodo.13645041},
	pages = {775--829},
	title = {Coordination},
	bdsk-url-1 = {https://doi.org/10.5281/zenodo.13645041}}

@incollection{Arnold:Godard:2024a,
	author = {Doug Arnold and Danièle Godard},
	checked = {stmue 2024},
	crossref = {HPSGHandbook-2},
	date-added = {2024-10-22 09:50:42 +0200},
	date-modified = {2024-11-07 17:55:03 +0100},
	doi = {10.5281/zenodo.13644934},
	pages = {635--771},
	title = {Relative Clauses in {HPSG}},
	bdsk-url-1 = {https://doi.org/10.5281/zenodo.13644934}}

@incollection{Ball2024a,
	author = {Douglas L. Ball},
	checked = {stmue 2024},
	crossref = {HPSGHandbook-2},
	date-added = {2024-10-22 09:50:42 +0200},
	date-modified = {2024-11-07 17:40:30 +0100},
	doi = {10.5281/zenodo.13644923},
	pages = {185--229},
	title = {{HPSG} in Understudied Languages},
	bdsk-url-1 = {https://doi.org/10.5281/zenodo.13644923}}

@incollection{BC2024a,
	author = {Robert D. Borsley and Berthold Crysmann},
	checked = {stmue 2024},
	crossref = {HPSGHandbook-2},
	date-added = {2024-10-22 09:50:42 +0200},
	date-modified = {2024-11-07 17:53:53 +0100},
	doi = {10.5281/zenodo.13644930},
	ids = {Borsley:Crysman:2024a},
	pages = {571--634},
	title = {Unbounded Dependencies},
	bdsk-url-1 = {https://doi.org/10.5281/zenodo.13644930}}

@incollection{Bender:Emerson:2024a,
	author = {Emily M.\ Bender and Guy Emerson},
	checked = {stmue 2024},
	crossref = {HPSGHandbook-2},
	date-added = {2024-10-22 09:50:42 +0200},
	date-modified = {2024-11-07 18:09:42 +0100},
	doi = {10.5281/zenodo.13645044},
	pages = {1181--1229},
	title = {Computational Linguistics and Grammar Engineering},
	bdsk-url-1 = {https://doi.org/10.5281/zenodo.13645044}}

@incollection{BM2024a,
	author = {Robert D.\ Borsley and Stefan Müller},
	checked = {stmue 2024},
	crossref = {HPSGHandbook-2},
	date-added = {2024-10-22 09:50:42 +0200},
	date-modified = {2024-11-07 18:18:11 +0100},
	doi = {10.5281/zenodo.13644972},
	ids = {Borsley:Mueller:2024a},
	pages = {1333--1411},
	title = {{HPSG and Minimalism}},
	bdsk-url-1 = {https://doi.org/10.5281/zenodo.13644972}}

@incollection{Chaves2024a,
	author = {Rui P. Chaves},
	checked = {stmue 2024},
	crossref = {HPSGHandbook-2},
	date-added = {2024-10-22 09:50:42 +0200},
	date-modified = {2024-11-07 17:56:13 +0100},
	doi = {10.5281/zenodo.13644997},
	pages = {713--773},
	title = {Island Phenomena and Related Matters},
	bdsk-url-1 = {https://doi.org/10.5281/zenodo.13644997}}

@incollection{Crysmann2024a,
	author = {Berthold Crysmann},
	checked = {stmue 2024},
	crossref = {HPSGHandbook-2},
	date-added = {2024-10-22 09:50:42 +0200},
	date-modified = {2024-11-07 18:04:08 +0100},
	doi = {10.5281/zenodo.13644963},
	pages = {1013--1065},
	title = {Morphology},
	bdsk-url-1 = {https://doi.org/10.5281/zenodo.13644963}}

@incollection{DavisKoenig2024a,
	author = {Anthony R. Davis and Jean-Pierre Koenig},
	checked = {stmue 2024},
	crossref = {HPSGHandbook-2},
	date-added = {2024-10-22 09:50:42 +0200},
	date-modified = {2024-11-07 17:37:58 +0100},
	doi = {10.5281/zenodo.13644994},
	pages = {133--184},
	title = {The Nature and Role of the Lexicon in {HPSG}},
	bdsk-url-1 = {https://doi.org/10.5281/zenodo.13644994}}

@incollection{DeKuthy2024a,
	author = {Kordula {De Kuthy}},
	checked = {stmue 2024},
	crossref = {HPSGHandbook-2},
	date-added = {2024-10-22 09:50:42 +0200},
	date-modified = {2024-11-07 18:07:29 +0100},
	doi = {10.5281/zenodo.13644998},
	pages = {1111--1149},
	title = {Information Structure},
	bdsk-url-1 = {https://doi.org/10.5281/zenodo.13644998}}

@incollection{DKW2024a,
	author = {Anthony R. Davis and Jean-Pierre Koenig and Stephen Wechsler},
	checked = {stmue 2024},
	crossref = {HPSGHandbook-2},
	date-added = {2024-10-22 09:50:42 +0200},
	date-modified = {2024-11-07 17:46:41 +0100},
	doi = {10.5281/zenodo.13645100},
	pages = {335--390},
	title = {Argument Structure and Linking},
	bdsk-url-1 = {https://doi.org/10.5281/zenodo.13645100}}

@incollection{FWPEvolution,
	author = {Dan Flickinger and Carl Pollard and Thomas Wasow},
	checked = {stmue 2024},
	crossref = {HPSGHandbook-2},
	date-added = {2024-10-22 09:50:42 +0200},
	date-modified = {2024-11-07 17:33:38 +0100},
	doi = {10.5281/zenodo.13645008},
	pages = {47--92},
	title = {The Evolution of {HPSG}},
	bdsk-url-1 = {https://doi.org/10.5281/zenodo.13645008}}

@incollection{GS2024a,
	author = {Danièle Godard and Pollet Samvelian},
	checked = {stmue 2024},
	crossref = {HPSGHandbook-2},
	date-added = {2024-10-22 09:50:42 +0200},
	date-modified = {2024-11-07 17:50:56 +0100},
	doi = {10.5281/zenodo.13645043},
	pages = {443--518},
	title = {Complex Predicates},
	bdsk-url-1 = {https://doi.org/10.5281/zenodo.13645043}}

@incollection{Hudson2024a,
	author = {Richard Hudson},
	checked = {stmue 2024},
	crossref = {HPSGHandbook-2},
	date-added = {2024-10-22 09:50:42 +0200},
	date-modified = {2024-11-07 18:46:50 +0100},
	doi = {10.5281/zenodo.13645023},
	pages = {1531--1580},
	title = {{HPSG and Dependency Grammar}},
	bdsk-url-1 = {https://doi.org/10.5281/zenodo.13645023}}

@incollection{Kim2024b,
	author = {Jong-Bok Kim},
	checked = {stmue 2024},
	crossref = {HPSGHandbook-2},
	date-added = {2024-10-22 09:50:42 +0200},
	date-modified = {2024-11-07 18:00:00 +0100},
	doi = {10.5281/zenodo.13644962},
	pages = {869--904},
	title = {Negation},
	bdsk-url-1 = {https://doi.org/10.5281/zenodo.13644962}}

@incollection{KR2024a,
	author = {Jean-Pierre Koenig and Frank Richter},
	checked = {stmue 2024},
	crossref = {HPSGHandbook-2},
	date-added = {2024-10-22 09:50:42 +0200},
	date-modified = {2024-11-07 18:05:40 +0100},
	doi = {10.5281/zenodo.13644931},
	ids = {KoenigRichter2024a},
	pages = {1067--1109},
	title = {Semantics},
	bdsk-url-1 = {https://doi.org/10.5281/zenodo.13644931}}

@incollection{Kubota2024a,
	author = {Yusuke Kubota},
	checked = {stmue 2024},
	crossref = {HPSGHandbook-2},
	date-added = {2024-10-22 09:50:42 +0200},
	date-modified = {2024-11-07 18:19:31 +0100},
	doi = {10.5281/zenodo.13645065},
	pages = {1413--1477},
	title = {{HPSG and Categorial Grammar}},
	bdsk-url-1 = {https://doi.org/10.5281/zenodo.13645065}}

@incollection{Luecking:Ginzburg:cooper:2024a,
	author = {Andy Lücking and Jonathan Ginzburg and Robin Cooper},
	checked = {stmue 2024},
	crossref = {HPSGHandbook-2},
	date-added = {2024-10-22 09:50:42 +0200},
	date-modified = {2024-11-07 18:10:56 +0100},
	doi = {10.5281/zenodo.13644955},
	pages = {1231--1276},
	title = {Grammar in Dialogue},
	bdsk-url-1 = {https://doi.org/10.5281/zenodo.13644955}}

@incollection{Luecking2024a,
	author = {Andy Lücking},
	checked = {stmue 2024},
	crossref = {HPSGHandbook-2},
	date-added = {2024-10-22 09:50:42 +0200},
	date-modified = {2024-11-07 18:16:52 +0100},
	doi = {10.5281/zenodo.13645004},
	pages = {1277--1330},
	title = {Gesture},
	bdsk-url-1 = {https://doi.org/10.5281/zenodo.13645004}}

@incollection{MuellerCxG,
	author = {Stefan Müller},
	checked = {stmue 2024},
	crossref = {HPSGHandbook-2},
	date-added = {2024-10-22 09:50:42 +0200},
	date-modified = {2024-11-07 18:48:11 +0100},
	doi = {10.5281/zenodo.13645036},
	pages = {1581--1637},
	title = {{HPSG and Construction Grammar}},
	bdsk-url-1 = {https://doi.org/10.5281/zenodo.13645036}}

@incollection{MuellerOrder,
	author = {Stefan Müller},
	checked = {stmue 2024},
	crossref = {HPSGHandbook-2},
	date-added = {2024-10-22 09:50:42 +0200},
	date-modified = {2024-11-07 17:49:43 +0100},
	doi = {10.5281/zenodo.13644960},
	pages = {391--441},
	title = {Constituent Order},
	bdsk-url-1 = {https://doi.org/10.5281/zenodo.13644960}}

@incollection{Mueller2024a,
	author = {Stefan Müller},
	checked = {stmue 2024},
	crossref = {HPSGHandbook-2},
	date-added = {2024-10-22 09:50:42 +0200},
	date-modified = {2024-11-07 18:12:02 +0100},
	doi = {10.5281/zenodo.13645097},
	ids = {MuellerBinding},
	pages = {951--1009},
	title = {Anaphoric Binding},
	bdsk-url-1 = {https://doi.org/10.5281/zenodo.13645097}}

@incollection{Nykiel:Kim:2024a,
	author = {Joanna Nykiel and Jong-Bok Kim},
	checked = {stmue 2024},
	crossref = {HPSGHandbook-2},
	date-added = {2024-10-22 09:50:42 +0200},
	date-modified = {2024-11-07 18:01:17 +0100},
	doi = {10.5281/zenodo.13645010},
	pages = {905--950},
	title = {Ellipsis},
	bdsk-url-1 = {https://doi.org/10.5281/zenodo.13645010}}

@incollection{Przepiorkowski:2024a,
	author = {Adam Przepiórkowski},
	checked = {stmue 2024},
	crossref = {HPSGHandbook-2},
	date-added = {2024-10-22 09:50:42 +0200},
	date-modified = {2024-11-07 17:43:52 +0100},
	doi = {10.5281/zenodo.13645084},
	pages = {261--294},
	title = {Case},
	bdsk-url-1 = {https://doi.org/10.5281/zenodo.13645084}}

@incollection{Richter2024a,
	author = {Frank Richter},
	checked = {stmue 2024},
	crossref = {HPSGHandbook-2},
	date-added = {2024-10-22 09:50:42 +0200},
	date-modified = {2024-11-07 17:31:25 +0100},
	doi = {10.5281/zenodo.13645007},
	pages = {93--131},
	title = {Formal Background},
	bdsk-file-1 = {YnBsaXN0MDDSAQIDBFxyZWxhdGl2ZVBhdGhZYWxpYXNEYXRhXxA+Li4vLi4vV2ViLVBhcGVycy9SL1JhL1JpY2h0ZXJfRnJhbmsvMjAyMS1Gb3JtYWwgYmFja2dyb3VuZC5wZGZPEQG6AAAAAAG6AAIAAAxNYWNpbnRvc2ggSEQAAAAAAAAAAAAAAAAAAADi/+cZQkQAAf////8aMjAyMS1Gb3JtYWwgYmFja2dyb3VuZC5wZGYAAAAAAAAAAAAAAAAAAAAAAAAAAAAAAAAAAAAAAAAAAAAAAAAA/////+DgCtJQREYgAAAAAAACAAUAAAogY3UAAAAAAAAAAAAAAAAADVJpY2h0ZXJfRnJhbmsAAAIAUS86VXNlcnM6c3RlZmFuOkRvY3VtZW50czpXZWItUGFwZXJzOlI6UmE6UmljaHRlcl9GcmFuazoyMDIxLUZvcm1hbCBiYWNrZ3JvdW5kLnBkZgAADgA2ABoAMgAwADIAMQAtAEYAbwByAG0AYQBsACAAYgBhAGMAawBnAHIAbwB1AG4AZAAuAHAAZABmAA8AGgAMAE0AYQBjAGkAbgB0AG8AcwBoACAASABEABIAT1VzZXJzL3N0ZWZhbi9Eb2N1bWVudHMvV2ViLVBhcGVycy9SL1JhL1JpY2h0ZXJfRnJhbmsvMjAyMS1Gb3JtYWwgYmFja2dyb3VuZC5wZGYAABMAAS8AABUAAgAN//8AAAAIAA0AGgAkAGUAAAAAAAACAQAAAAAAAAAFAAAAAAAAAAAAAAAAAAACIw==},
	bdsk-url-1 = {https://doi.org/10.5281/zenodo.13645007}}

@incollection{Sailer2024a,
	author = {Manfred Sailer},
	checked = {stmue 2024},
	crossref = {HPSGHandbook-2},
	date-added = {2024-10-22 09:50:42 +0200},
	date-modified = {2024-11-07 18:15:39 +0100},
	doi = {https://doi.org/10.5281/zenodo.13644999},
	pages = {831--868},
	title = {Idioms},
	bdsk-url-1 = {https://doi.org/10.5281/zenodo.13644999}}

@incollection{VanEynde2024a,
	author = {{Van Eynde}, Frank},
	checked = {stmue 2024},
	crossref = {HPSGHandbook-2},
	date-added = {2024-10-22 09:50:42 +0200},
	date-modified = {2024-11-07 17:45:10 +0100},
	doi = {10.5281/zenodo.13644961},
	pages = {295--334},
	title = {Nominal Structures},
	bdsk-url-1 = {https://doi.org/10.5281/zenodo.13644961}}

@incollection{Wasow2024a,
	author = {Thomas Wasow},
	checked = {stmue 2024},
	crossref = {HPSGHandbook-2},
	date-added = {2024-10-22 09:50:42 +0200},
	date-modified = {2024-11-07 18:08:33 +0100},
	doi = {10.5281/zenodo.13644940},
	pages = {1153--1180},
	title = {Processing},
	bdsk-url-1 = {https://doi.org/10.5281/zenodo.13644940}}

@incollection{Wechsler:Asudeh:2024a,
	author = {Stephen Wechsler and Ash Asudeh},
	checked = {stmue 2024},
	crossref = {HPSGHandbook-2},
	date-added = {2024-10-22 09:50:42 +0200},
	date-modified = {2024-11-07 18:44:46 +0100},
	doi = {10.5281/zenodo.13644981},
	pages = {1479--1530},
	title = {{HPSG and Lexical Functional Grammar}},
	bdsk-url-1 = {https://doi.org/10.5281/zenodo.13644981}}

@incollection{Wechsler2024a,
	author = {Stephen Wechsler},
	checked = {stmue 2024},
	crossref = {HPSGHandbook-2},
	date-added = {2024-10-22 09:50:42 +0200},
	date-modified = {2024-11-07 17:42:33 +0100},
	doi = {10.5281/zenodo.13645101},
	pages = {233--260},
	title = {Agreement},
	bdsk-url-1 = {https://doi.org/10.5281/zenodo.13645101}}

@book{HPSGHandbook-2,
	address = {Berlin},
	booktitle = {{Head-Driven Phrase Structure Grammar: The} Handbook},
	checked = {stmue 2024},
	date-added = {2024-10-22 09:50:42 +0200},
	date-modified = {2024-11-07 18:11:25 +0100},
	doi = {10.5281/zenodo.13637708},
	edition = {2},
	editor = {Stefan Müller and Anne Abeillé and Borsley, Robert D. and Jean-Pierre Koenig},
	number = {9},
	publisher = lsp,
	series = eotms,
	title = {{Head-Driven Phrase Structure Grammar: The} Handbook},
	year = {2024},
	bdsk-file-1 = {YnBsaXN0MDDSAQIDBFxyZWxhdGl2ZVBhdGhZYWxpYXNEYXRhXxA/Li4vLi4vV2ViLVBhcGVycy9NL01tL011ZWxsZXIvU3RlZmFuLzIwMjQtSFBTRyBUaGUgaGFuZGJvb2sucGRmTxEBsgAAAAABsgACAAAMTWFjaW50b3NoIEhEAAAAAAAAAAAAAAAAAAAA4v/nGUJEAAH/////GjIwMjQtSFBTRyBUaGUgaGFuZGJvb2sucGRmAAAAAAAAAAAAAAAAAAAAAAAAAAAAAAAAAAAAAAAAAAAAAAAAAP/////jT6HTUERGIAAAAAAAAgAGAAAKIGN1AAAAAAAAAAAAAAAAAAZTdGVmYW4AAgBSLzpVc2VyczpzdGVmYW46RG9jdW1lbnRzOldlYi1QYXBlcnM6TTpNbTpNdWVsbGVyOlN0ZWZhbjoyMDI0LUhQU0cgVGhlIGhhbmRib29rLnBkZgAOADYAGgAyADAAMgA0AC0ASABQAFMARwAgAFQAaABlACAAaABhAG4AZABiAG8AbwBrAC4AcABkAGYADwAaAAwATQBhAGMAaQBuAHQAbwBzAGgAIABIAEQAEgBQVXNlcnMvc3RlZmFuL0RvY3VtZW50cy9XZWItUGFwZXJzL00vTW0vTXVlbGxlci9TdGVmYW4vMjAyNC1IUFNHIFRoZSBoYW5kYm9vay5wZGYAEwABLwAAFQACAA3//wAAAAgADQAaACQAZgAAAAAAAAIBAAAAAAAAAAUAAAAAAAAAAAAAAAAAAAIc},
	bdsk-url-1 = {https://doi.org/10.5281/zenodo.13637708}}
