@incollection{chapters/properties,author={Anne Abeillé  and  Robert D. Borsley},title={{Basic properties and elements}},booktitle={{Head-Driven Phrase Structure Grammar{: The handbook}}},editor={Stefan Müller and  Anne Abeillé and  Robert D. Borsley  and  Jean-​Pierre Koenig},publisher={Language Science Press.},Address={Berlin},year={2021},pages={3--44},doi={??},keywords={withinvolume}}
@incollection{chapters/propertiesfooter,author={Anne Abeillé  and  Robert D. Borsley},title={{Basic properties and elements}},booktitle={{Head-Driven Phrase Structure Grammar{: The handbook}}},editor={Stefan Müller and  Anne Abeillé and  Robert D. Borsley  and  Jean-​Pierre Koenig},publisher={Language Science Press.},Address={Berlin},year={2021},pages={3--44},doi={??},options={dataonly=true}}
@incollection{chapters/evolution,author={Dan Flickinger and  Carl Pollard   and  Tom Wasow},title={{The evolution of HPSG}},booktitle={{Head-Driven Phrase Structure Grammar{: The handbook}}},editor={Stefan Müller and  Anne Abeillé and  Robert D. Borsley  and  Jean-​Pierre Koenig},publisher={Language Science Press.},Address={Berlin},year={2021},pages={45--83},doi={??},keywords={withinvolume}}
@incollection{chapters/evolutionfooter,author={Dan Flickinger and  Carl Pollard   and  Tom Wasow},title={{The evolution of HPSG}},booktitle={{Head-Driven Phrase Structure Grammar{: The handbook}}},editor={Stefan Müller and  Anne Abeillé and  Robert D. Borsley  and  Jean-​Pierre Koenig},publisher={Language Science Press.},Address={Berlin},year={2021},pages={45--83},doi={??},options={dataonly=true}}
@incollection{chapters/formal-background,author={Frank Richter},title={{Formal background}},booktitle={{Head-Driven Phrase Structure Grammar{: The handbook}}},editor={Stefan Müller and  Anne Abeillé and  Robert D. Borsley  and  Jean-​Pierre Koenig},publisher={Language Science Press.},Address={Berlin},year={2021},pages={85--119},doi={??},keywords={withinvolume}}
@incollection{chapters/formal-backgroundfooter,author={Frank Richter},title={{Formal background}},booktitle={{Head-Driven Phrase Structure Grammar{: The handbook}}},editor={Stefan Müller and  Anne Abeillé and  Robert D. Borsley  and  Jean-​Pierre Koenig},publisher={Language Science Press.},Address={Berlin},year={2021},pages={85--119},doi={??},options={dataonly=true}}
@incollection{chapters/lexicon,author={Anthony Davis  and  Jean-Pierre Koenig},title={{The nature and role of the lexicon in HPSG}},booktitle={{Head-Driven Phrase Structure Grammar{: The handbook}}},editor={Stefan Müller and  Anne Abeillé and  Robert D. Borsley  and  Jean-​Pierre Koenig},publisher={Language Science Press.},Address={Berlin},year={2021},pages={121--168},doi={??},keywords={withinvolume}}
@incollection{chapters/lexiconfooter,author={Anthony Davis  and  Jean-Pierre Koenig},title={{The nature and role of the lexicon in HPSG}},booktitle={{Head-Driven Phrase Structure Grammar{: The handbook}}},editor={Stefan Müller and  Anne Abeillé and  Robert D. Borsley  and  Jean-​Pierre Koenig},publisher={Language Science Press.},Address={Berlin},year={2021},pages={121--168},doi={??},options={dataonly=true}}
@incollection{chapters/understudied-languages,author={Douglas L. Ball},title={{HPSG in understudied languages}},booktitle={{Head-Driven Phrase Structure Grammar{: The handbook}}},editor={Stefan Müller and  Anne Abeillé and  Robert D. Borsley  and  Jean-​Pierre Koenig},publisher={Language Science Press.},Address={Berlin},year={2021},pages={169--204},doi={??},keywords={withinvolume}}
@incollection{chapters/understudied-languagesfooter,author={Douglas L. Ball},title={{HPSG in understudied languages}},booktitle={{Head-Driven Phrase Structure Grammar{: The handbook}}},editor={Stefan Müller and  Anne Abeillé and  Robert D. Borsley  and  Jean-​Pierre Koenig},publisher={Language Science Press.},Address={Berlin},year={2021},pages={169--204},doi={??},options={dataonly=true}}
@incollection{chapters/agreement,author={Stephen Wechsler},title={{Agreement}},booktitle={{Head-Driven Phrase Structure Grammar{: The handbook}}},editor={Stefan Müller and  Anne Abeillé and  Robert D. Borsley  and  Jean-​Pierre Koenig},publisher={Language Science Press.},Address={Berlin},year={2021},pages={207--230},doi={??},keywords={withinvolume}}
@incollection{chapters/agreementfooter,author={Stephen Wechsler},title={{Agreement}},booktitle={{Head-Driven Phrase Structure Grammar{: The handbook}}},editor={Stefan Müller and  Anne Abeillé and  Robert D. Borsley  and  Jean-​Pierre Koenig},publisher={Language Science Press.},Address={Berlin},year={2021},pages={207--230},doi={??},options={dataonly=true}}
@incollection{chapters/case,author={Adam Przepiórkowski},title={{Case}},booktitle={{Head-Driven Phrase Structure Grammar{: The handbook}}},editor={Stefan Müller and  Anne Abeillé and  Robert D. Borsley  and  Jean-​Pierre Koenig},publisher={Language Science Press.},Address={Berlin},year={2021},pages={231--258},doi={??},keywords={withinvolume}}
@incollection{chapters/casefooter,author={Adam Przepiórkowski},title={{Case}},booktitle={{Head-Driven Phrase Structure Grammar{: The handbook}}},editor={Stefan Müller and  Anne Abeillé and  Robert D. Borsley  and  Jean-​Pierre Koenig},publisher={Language Science Press.},Address={Berlin},year={2021},pages={231--258},doi={??},options={dataonly=true}}
@incollection{chapters/np,author={Frank {Van Eynde}},title={{Nominal structures}},booktitle={{Head-Driven Phrase Structure Grammar{: The handbook}}},editor={Stefan Müller and  Anne Abeillé and  Robert D. Borsley  and  Jean-​Pierre Koenig},publisher={Language Science Press.},Address={Berlin},year={2021},pages={259--298},doi={??},keywords={withinvolume}}
@incollection{chapters/npfooter,author={Frank {Van Eynde}},title={{Nominal structures}},booktitle={{Head-Driven Phrase Structure Grammar{: The handbook}}},editor={Stefan Müller and  Anne Abeillé and  Robert D. Borsley  and  Jean-​Pierre Koenig},publisher={Language Science Press.},Address={Berlin},year={2021},pages={259--298},doi={??},options={dataonly=true}}
@incollection{chapters/arg-st,author={Stephen Wechsler and  Jean-Pierre Koenig  and  Anthony Davis},title={{Argument structure and linking}},booktitle={{Head-Driven Phrase Structure Grammar{: The handbook}}},editor={Stefan Müller and  Anne Abeillé and  Robert D. Borsley  and  Jean-​Pierre Koenig},publisher={Language Science Press.},Address={Berlin},year={2021},pages={299--348},doi={??},keywords={withinvolume}}
@incollection{chapters/arg-stfooter,author={Stephen Wechsler and  Jean-Pierre Koenig  and  Anthony Davis},title={{Argument structure and linking}},booktitle={{Head-Driven Phrase Structure Grammar{: The handbook}}},editor={Stefan Müller and  Anne Abeillé and  Robert D. Borsley  and  Jean-​Pierre Koenig},publisher={Language Science Press.},Address={Berlin},year={2021},pages={299--348},doi={??},options={dataonly=true}}
@incollection{chapters/order,author={Stefan Müller},title={{Constituent order}},booktitle={{Head-Driven Phrase Structure Grammar{: The handbook}}},editor={Stefan Müller and  Anne Abeillé and  Robert D. Borsley  and  Jean-​Pierre Koenig},publisher={Language Science Press.},Address={Berlin},year={2021},pages={349--395},doi={??},keywords={withinvolume}}
@incollection{chapters/orderfooter,author={Stefan Müller},title={{Constituent order}},booktitle={{Head-Driven Phrase Structure Grammar{: The handbook}}},editor={Stefan Müller and  Anne Abeillé and  Robert D. Borsley  and  Jean-​Pierre Koenig},publisher={Language Science Press.},Address={Berlin},year={2021},pages={349--395},doi={??},options={dataonly=true}}
@incollection{chapters/complex-predicates,author={Danièle Godard  and  Pollet Samvelian },title={{Complex predicates}},booktitle={{Head-Driven Phrase Structure Grammar{: The handbook}}},editor={Stefan Müller and  Anne Abeillé and  Robert D. Borsley  and  Jean-​Pierre Koenig},publisher={Language Science Press.},Address={Berlin},year={2021},pages={397--463},doi={??},keywords={withinvolume}}
@incollection{chapters/complex-predicatesfooter,author={Danièle Godard  and  Pollet Samvelian },title={{Complex predicates}},booktitle={{Head-Driven Phrase Structure Grammar{: The handbook}}},editor={Stefan Müller and  Anne Abeillé and  Robert D. Borsley  and  Jean-​Pierre Koenig},publisher={Language Science Press.},Address={Berlin},year={2021},pages={397--463},doi={??},options={dataonly=true}}
@incollection{chapters/control-raising,author={Anne Abeillé},title={{Control and Raising}},booktitle={{Head-Driven Phrase Structure Grammar{: The handbook}}},editor={Stefan Müller and  Anne Abeillé and  Robert D. Borsley  and  Jean-​Pierre Koenig},publisher={Language Science Press.},Address={Berlin},year={2021},pages={465--513},doi={??},keywords={withinvolume}}
@incollection{chapters/control-raisingfooter,author={Anne Abeillé},title={{Control and Raising}},booktitle={{Head-Driven Phrase Structure Grammar{: The handbook}}},editor={Stefan Müller and  Anne Abeillé and  Robert D. Borsley  and  Jean-​Pierre Koenig},publisher={Language Science Press.},Address={Berlin},year={2021},pages={465--513},doi={??},options={dataonly=true}}
@incollection{chapters/udc,author={Robert D. Borsley   and  Berthold Crysmann },title={{Unbounded dependencies}},booktitle={{Head-Driven Phrase Structure Grammar{: The handbook}}},editor={Stefan Müller and  Anne Abeillé and  Robert D. Borsley  and  Jean-​Pierre Koenig},publisher={Language Science Press.},Address={Berlin},year={2021},pages={515--571},doi={??},keywords={withinvolume}}
@incollection{chapters/udcfooter,author={Robert D. Borsley   and  Berthold Crysmann },title={{Unbounded dependencies}},booktitle={{Head-Driven Phrase Structure Grammar{: The handbook}}},editor={Stefan Müller and  Anne Abeillé and  Robert D. Borsley  and  Jean-​Pierre Koenig},publisher={Language Science Press.},Address={Berlin},year={2021},pages={515--571},doi={??},options={dataonly=true}}
@incollection{chapters/relative-clauses,author={Doug Arnold  and  Danièle Godard },title={{Relative clauses in HPSG}},booktitle={{Head-Driven Phrase Structure Grammar{: The handbook}}},editor={Stefan Müller and  Anne Abeillé and  Robert D. Borsley  and  Jean-​Pierre Koenig},publisher={Language Science Press.},Address={Berlin},year={2021},pages={573--636},doi={??},keywords={withinvolume}}
@incollection{chapters/relative-clausesfooter,author={Doug Arnold  and  Danièle Godard },title={{Relative clauses in HPSG}},booktitle={{Head-Driven Phrase Structure Grammar{: The handbook}}},editor={Stefan Müller and  Anne Abeillé and  Robert D. Borsley  and  Jean-​Pierre Koenig},publisher={Language Science Press.},Address={Berlin},year={2021},pages={573--636},doi={??},options={dataonly=true}}
@incollection{chapters/islands,author={Rui P. Chaves},title={{Island phenomena and related matters}},booktitle={{Head-Driven Phrase Structure Grammar{: The handbook}}},editor={Stefan Müller and  Anne Abeillé and  Robert D. Borsley  and  Jean-​Pierre Koenig},publisher={Language Science Press.},Address={Berlin},year={2021},pages={637--691},doi={??},keywords={withinvolume}}
@incollection{chapters/islandsfooter,author={Rui P. Chaves},title={{Island phenomena and related matters}},booktitle={{Head-Driven Phrase Structure Grammar{: The handbook}}},editor={Stefan Müller and  Anne Abeillé and  Robert D. Borsley  and  Jean-​Pierre Koenig},publisher={Language Science Press.},Address={Berlin},year={2021},pages={637--691},doi={??},options={dataonly=true}}
@incollection{chapters/coordination,author={Anne Abeillé   and  Rui P. Chaves},title={{Coordination}},booktitle={{Head-Driven Phrase Structure Grammar{: The handbook}}},editor={Stefan Müller and  Anne Abeillé and  Robert D. Borsley  and  Jean-​Pierre Koenig},publisher={Language Science Press.},Address={Berlin},year={2021},pages={693--746},doi={??},keywords={withinvolume}}
@incollection{chapters/coordinationfooter,author={Anne Abeillé   and  Rui P. Chaves},title={{Coordination}},booktitle={{Head-Driven Phrase Structure Grammar{: The handbook}}},editor={Stefan Müller and  Anne Abeillé and  Robert D. Borsley  and  Jean-​Pierre Koenig},publisher={Language Science Press.},Address={Berlin},year={2021},pages={693--746},doi={??},options={dataonly=true}}
@incollection{chapters/idioms,author={Manfred Sailer},title={{Idioms}},booktitle={{Head-Driven Phrase Structure Grammar{: The handbook}}},editor={Stefan Müller and  Anne Abeillé and  Robert D. Borsley  and  Jean-​Pierre Koenig},publisher={Language Science Press.},Address={Berlin},year={2021},pages={747--779},doi={??},keywords={withinvolume}}
@incollection{chapters/idiomsfooter,author={Manfred Sailer},title={{Idioms}},booktitle={{Head-Driven Phrase Structure Grammar{: The handbook}}},editor={Stefan Müller and  Anne Abeillé and  Robert D. Borsley  and  Jean-​Pierre Koenig},publisher={Language Science Press.},Address={Berlin},year={2021},pages={747--779},doi={??},options={dataonly=true}}
@incollection{chapters/negation,author={Jong-Bok Kim},title={{Negation}},booktitle={{Head-Driven Phrase Structure Grammar{: The handbook}}},editor={Stefan Müller and  Anne Abeillé and  Robert D. Borsley  and  Jean-​Pierre Koenig},publisher={Language Science Press.},Address={Berlin},year={2021},pages={781--816},doi={??},keywords={withinvolume}}
@incollection{chapters/negationfooter,author={Jong-Bok Kim},title={{Negation}},booktitle={{Head-Driven Phrase Structure Grammar{: The handbook}}},editor={Stefan Müller and  Anne Abeillé and  Robert D. Borsley  and  Jean-​Pierre Koenig},publisher={Language Science Press.},Address={Berlin},year={2021},pages={781--816},doi={??},options={dataonly=true}}
@incollection{chapters/ellipsis,author={Joanna Nykiel  and  Jong-Bok Kim},title={{Ellipsis}},booktitle={{Head-Driven Phrase Structure Grammar{: The handbook}}},editor={Stefan Müller and  Anne Abeillé and  Robert D. Borsley  and  Jean-​Pierre Koenig},publisher={Language Science Press.},Address={Berlin},year={2021},pages={817--856},doi={??},keywords={withinvolume}}
@incollection{chapters/ellipsisfooter,author={Joanna Nykiel  and  Jong-Bok Kim},title={{Ellipsis}},booktitle={{Head-Driven Phrase Structure Grammar{: The handbook}}},editor={Stefan Müller and  Anne Abeillé and  Robert D. Borsley  and  Jean-​Pierre Koenig},publisher={Language Science Press.},Address={Berlin},year={2021},pages={817--856},doi={??},options={dataonly=true}}
@incollection{chapters/binding,author={Stefan Müller   and  António Branco },title={{Anaphoric Binding}},booktitle={{Head-Driven Phrase Structure Grammar{: The handbook}}},editor={Stefan Müller and  Anne Abeillé and  Robert D. Borsley  and  Jean-​Pierre Koenig},publisher={Language Science Press.},Address={Berlin},year={2021},pages={857--905},doi={??},keywords={withinvolume}}
@incollection{chapters/bindingfooter,author={Stefan Müller   and  António Branco },title={{Anaphoric Binding}},booktitle={{Head-Driven Phrase Structure Grammar{: The handbook}}},editor={Stefan Müller and  Anne Abeillé and  Robert D. Borsley  and  Jean-​Pierre Koenig},publisher={Language Science Press.},Address={Berlin},year={2021},pages={857--905},doi={??},options={dataonly=true}}
@incollection{chapters/morphology,author={Berthold Crysmann },title={{Morphology}},booktitle={{Head-Driven Phrase Structure Grammar{: The handbook}}},editor={Stefan Müller and  Anne Abeillé and  Robert D. Borsley  and  Jean-​Pierre Koenig},publisher={Language Science Press.},Address={Berlin},year={2021},pages={909--959},doi={??},keywords={withinvolume}}
@incollection{chapters/morphologyfooter,author={Berthold Crysmann },title={{Morphology}},booktitle={{Head-Driven Phrase Structure Grammar{: The handbook}}},editor={Stefan Müller and  Anne Abeillé and  Robert D. Borsley  and  Jean-​Pierre Koenig},publisher={Language Science Press.},Address={Berlin},year={2021},pages={909--959},doi={??},options={dataonly=true}}
@incollection{chapters/semantics,author={Jean-Pierre Koenig  and  Frank Richter},title={{Semantics}},booktitle={{Head-Driven Phrase Structure Grammar{: The handbook}}},editor={Stefan Müller and  Anne Abeillé and  Robert D. Borsley  and  Jean-​Pierre Koenig},publisher={Language Science Press.},Address={Berlin},year={2021},pages={961--1000},doi={??},keywords={withinvolume}}
@incollection{chapters/semanticsfooter,author={Jean-Pierre Koenig  and  Frank Richter},title={{Semantics}},booktitle={{Head-Driven Phrase Structure Grammar{: The handbook}}},editor={Stefan Müller and  Anne Abeillé and  Robert D. Borsley  and  Jean-​Pierre Koenig},publisher={Language Science Press.},Address={Berlin},year={2021},pages={961--1000},doi={??},options={dataonly=true}}
@incollection{chapters/information-structure,author={Kordula {De Kuthy}},title={{Information structure}},booktitle={{Head-Driven Phrase Structure Grammar{: The handbook}}},editor={Stefan Müller and  Anne Abeillé and  Robert D. Borsley  and  Jean-​Pierre Koenig},publisher={Language Science Press.},Address={Berlin},year={2021},pages={1001--1036},doi={??},keywords={withinvolume}}
@incollection{chapters/information-structurefooter,author={Kordula {De Kuthy}},title={{Information structure}},booktitle={{Head-Driven Phrase Structure Grammar{: The handbook}}},editor={Stefan Müller and  Anne Abeillé and  Robert D. Borsley  and  Jean-​Pierre Koenig},publisher={Language Science Press.},Address={Berlin},year={2021},pages={1001--1036},doi={??},options={dataonly=true}}
@incollection{chapters/processing,author={Tom Wasow},title={{Processing}},booktitle={{Head-Driven Phrase Structure Grammar{: The handbook}}},editor={Stefan Müller and  Anne Abeillé and  Robert D. Borsley  and  Jean-​Pierre Koenig},publisher={Language Science Press.},Address={Berlin},year={2021},pages={1039--1061},doi={??},keywords={withinvolume}}
@incollection{chapters/processingfooter,author={Tom Wasow},title={{Processing}},booktitle={{Head-Driven Phrase Structure Grammar{: The handbook}}},editor={Stefan Müller and  Anne Abeillé and  Robert D. Borsley  and  Jean-​Pierre Koenig},publisher={Language Science Press.},Address={Berlin},year={2021},pages={1039--1061},doi={??},options={dataonly=true}}
@incollection{chapters/cl,author={Emily M.\ Bender  and  Guy Emerson },title={{Computational linguistics and grammar engineering}},booktitle={{Head-Driven Phrase Structure Grammar{: The handbook}}},editor={Stefan Müller and  Anne Abeillé and  Robert D. Borsley  and  Jean-​Pierre Koenig},publisher={Language Science Press.},Address={Berlin},year={2021},pages={1063--1109},doi={??},keywords={withinvolume}}
@incollection{chapters/clfooter,author={Emily M.\ Bender  and  Guy Emerson },title={{Computational linguistics and grammar engineering}},booktitle={{Head-Driven Phrase Structure Grammar{: The handbook}}},editor={Stefan Müller and  Anne Abeillé and  Robert D. Borsley  and  Jean-​Pierre Koenig},publisher={Language Science Press.},Address={Berlin},year={2021},pages={1063--1109},doi={??},options={dataonly=true}}
@incollection{chapters/pragmatics,author={Andy Lücking and  Jonathan Ginzburg  and  Robin Cooper},title={{Grammar in dialogue}},booktitle={{Head-Driven Phrase Structure Grammar{: The handbook}}},editor={Stefan Müller and  Anne Abeillé and  Robert D. Borsley  and  Jean-​Pierre Koenig},publisher={Language Science Press.},Address={Berlin},year={2021},pages={1111--1156},doi={??},keywords={withinvolume}}
@incollection{chapters/pragmaticsfooter,author={Andy Lücking and  Jonathan Ginzburg  and  Robin Cooper},title={{Grammar in dialogue}},booktitle={{Head-Driven Phrase Structure Grammar{: The handbook}}},editor={Stefan Müller and  Anne Abeillé and  Robert D. Borsley  and  Jean-​Pierre Koenig},publisher={Language Science Press.},Address={Berlin},year={2021},pages={1111--1156},doi={??},options={dataonly=true}}
@incollection{chapters/sign-lg,author={Markus Steinbach  and  Anke Holler},title={{Sign languages}},booktitle={{Head-Driven Phrase Structure Grammar{: The handbook}}},editor={Stefan Müller and  Anne Abeillé and  Robert D. Borsley  and  Jean-​Pierre Koenig},publisher={Language Science Press.},Address={Berlin},year={2021},pages={1157--1158},doi={??},keywords={withinvolume}}
@incollection{chapters/sign-lgfooter,author={Markus Steinbach  and  Anke Holler},title={{Sign languages}},booktitle={{Head-Driven Phrase Structure Grammar{: The handbook}}},editor={Stefan Müller and  Anne Abeillé and  Robert D. Borsley  and  Jean-​Pierre Koenig},publisher={Language Science Press.},Address={Berlin},year={2021},pages={1157--1158},doi={??},options={dataonly=true}}
@incollection{chapters/gesture,author={Andy Lücking},title={{Gesture}},booktitle={{Head-Driven Phrase Structure Grammar{: The handbook}}},editor={Stefan Müller and  Anne Abeillé and  Robert D. Borsley  and  Jean-​Pierre Koenig},publisher={Language Science Press.},Address={Berlin},year={2021},pages={1159--1207},doi={??},keywords={withinvolume}}
@incollection{chapters/gesturefooter,author={Andy Lücking},title={{Gesture}},booktitle={{Head-Driven Phrase Structure Grammar{: The handbook}}},editor={Stefan Müller and  Anne Abeillé and  Robert D. Borsley  and  Jean-​Pierre Koenig},publisher={Language Science Press.},Address={Berlin},year={2021},pages={1159--1207},doi={??},options={dataonly=true}}
@incollection{chapters/minimalism,author={Robert D.\ Borsley  and  Stefan Müller},title={{HPSG and Minimalism}},booktitle={{Head-Driven Phrase Structure Grammar{: The handbook}}},editor={Stefan Müller and  Anne Abeillé and  Robert D. Borsley  and  Jean-​Pierre Koenig},publisher={Language Science Press.},Address={Berlin},year={2021},pages={1211--1285},doi={??},keywords={withinvolume}}
@incollection{chapters/minimalismfooter,author={Robert D.\ Borsley  and  Stefan Müller},title={{HPSG and Minimalism}},booktitle={{Head-Driven Phrase Structure Grammar{: The handbook}}},editor={Stefan Müller and  Anne Abeillé and  Robert D. Borsley  and  Jean-​Pierre Koenig},publisher={Language Science Press.},Address={Berlin},year={2021},pages={1211--1285},doi={??},options={dataonly=true}}
@incollection{chapters/cg,author={Yusuke Kubota},title={{HPSG and Categorial Grammar}},booktitle={{Head-Driven Phrase Structure Grammar{: The handbook}}},editor={Stefan Müller and  Anne Abeillé and  Robert D. Borsley  and  Jean-​Pierre Koenig},publisher={Language Science Press.},Address={Berlin},year={2021},pages={1287--1347},doi={??},keywords={withinvolume}}
@incollection{chapters/cgfooter,author={Yusuke Kubota},title={{HPSG and Categorial Grammar}},booktitle={{Head-Driven Phrase Structure Grammar{: The handbook}}},editor={Stefan Müller and  Anne Abeillé and  Robert D. Borsley  and  Jean-​Pierre Koenig},publisher={Language Science Press.},Address={Berlin},year={2021},pages={1287--1347},doi={??},options={dataonly=true}}
@incollection{chapters/lfg,author={Stephen Wechsler  and  Ash Asudeh},title={{HPSG and Lexical Functional Grammar}},booktitle={{Head-Driven Phrase Structure Grammar{: The handbook}}},editor={Stefan Müller and  Anne Abeillé and  Robert D. Borsley  and  Jean-​Pierre Koenig},publisher={Language Science Press.},Address={Berlin},year={2021},pages={1349--1399},doi={??},keywords={withinvolume}}
@incollection{chapters/lfgfooter,author={Stephen Wechsler  and  Ash Asudeh},title={{HPSG and Lexical Functional Grammar}},booktitle={{Head-Driven Phrase Structure Grammar{: The handbook}}},editor={Stefan Müller and  Anne Abeillé and  Robert D. Borsley  and  Jean-​Pierre Koenig},publisher={Language Science Press.},Address={Berlin},year={2021},pages={1349--1399},doi={??},options={dataonly=true}}
@incollection{chapters/dg,author={Richard Hudson},title={{HPSG and Dependency Grammar}},booktitle={{Head-Driven Phrase Structure Grammar{: The handbook}}},editor={Stefan Müller and  Anne Abeillé and  Robert D. Borsley  and  Jean-​Pierre Koenig},publisher={Language Science Press.},Address={Berlin},year={2021},pages={1401--1446},doi={??},keywords={withinvolume}}
@incollection{chapters/dgfooter,author={Richard Hudson},title={{HPSG and Dependency Grammar}},booktitle={{Head-Driven Phrase Structure Grammar{: The handbook}}},editor={Stefan Müller and  Anne Abeillé and  Robert D. Borsley  and  Jean-​Pierre Koenig},publisher={Language Science Press.},Address={Berlin},year={2021},pages={1401--1446},doi={??},options={dataonly=true}}
@incollection{chapters/cxg,author={Stefan Müller},title={{HPSG and Construction Grammar}},booktitle={{Head-Driven Phrase Structure Grammar{: The handbook}}},editor={Stefan Müller and  Anne Abeillé and  Robert D. Borsley  and  Jean-​Pierre Koenig},publisher={Language Science Press.},Address={Berlin},year={2021},pages={1447--1502},doi={??},keywords={withinvolume}}
@incollection{chapters/cxgfooter,author={Stefan Müller},title={{HPSG and Construction Grammar}},booktitle={{Head-Driven Phrase Structure Grammar{: The handbook}}},editor={Stefan Müller and  Anne Abeillé and  Robert D. Borsley  and  Jean-​Pierre Koenig},publisher={Language Science Press.},Address={Berlin},year={2021},pages={1447--1502},doi={??},options={dataonly=true}}
